% To be added:
% SW87: Sarazin & White 1987 (?)
% K89: Kennicutt 1989
% Truelove98 Truelove \etal 199?

@ARTICLE{Godunov1959,
   author = {{Godunov}, S.~K.},
    title = "{Finite difference method for numerical computation of discontinous solution of the equations of fluid dynamics.}",
  journal = {Matematicheskii Sbornik},
     year = 1959,
   volume = 47,
    pages = {271-+},
}

@ARTICLE{SantaBarbara,
   author = {{Frenk}, C.~S. and {White}, S.~D.~M. and {Bode}, P. and {Bond}, J.~R. and 
	{Bryan}, G.~L. and {Cen}, R. and {Couchman}, H.~M.~P. and {Evrard}, A.~E. and 
	{Gnedin}, N. and {Jenkins}, A. and {Khokhlov}, A.~M. and {Klypin}, A. and 
	{Navarro}, J.~F. and {Norman}, M.~L. and {Ostriker}, J.~P. and 
	{Owen}, J.~M. and {Pearce}, F.~R. and {Pen}, U.-L. and {Steinmetz}, M. and 
	{Thomas}, P.~A. and {Villumsen}, J.~V. and {Wadsley}, J.~W. and 
	{Warren}, M.~S. and {Xu}, G. and {Yepes}, G.},
    title = "{The Santa Barbara Cluster Comparison Project: A Comparison of Cosmological Hydrodynamics Solutions}",
  journal = {\apj},
     year = 1999,
    month = nov,
   volume = 525,
    pages = {554-582},
      doi = {10.1086/307908},
   adsurl = {http://adsabs.harvard.edu/cgi-bin/nph-bib_query?bibcode=1999ApJ...525..554F&db_key=AST},
  adsnote = {Provided by the Smithsonian/NASA Astrophysics Data System}
}


@ARTICLE{gadget_2_method,
   author = {{Springel}, V.},
    title = "{The cosmological simulation code GADGET-2}",
  journal = {\mnras},
     year = 2005,
    month = dec,
   volume = 364,
    pages = {1105-1134},
      doi = {10.1111/j.1365-2966.2005.09655.x},
   adsurl = {http://adsabs.harvard.edu/cgi-bin/nph-bib_query?bibcode=2005MNRAS.364.1105S&db_key=AST},
  adsnote = {Provided by the Smithsonian/NASA Astrophysics Data System}
}


@ARTICLE{flash_method,
   author = {{Fryxell}, B. and {Olson}, K. and {Ricker}, P. and {Timmes}, F.~X. and 
	{Zingale}, M. and {Lamb}, D.~Q. and {MacNeice}, P. and {Rosner}, R. and 
	{Truran}, J.~W. and {Tufo}, H.},
    title = "{FLASH: An Adaptive Mesh Hydrodynamics Code for Modeling Astrophysical Thermonuclear Flashes}",
  journal = {\apjs},
     year = 2000,
    month = nov,
   volume = 131,
    pages = {273-334},
      doi = {10.1086/317361},
   adsurl = {http://adsabs.harvard.edu/cgi-bin/nph-bib_query?bibcode=2000ApJS..131..273F&db_key=AST},
  adsnote = {Provided by the Smithsonian/NASA Astrophysics Data System}
}


@ARTICLE{2002ApJ...569..157W,
   author = {{Wong}, T. and {Blitz}, L.},
    title = "{The Relationship between Gas Content and Star Formation in Molecule-rich Spiral Galaxies}",
  journal = {\apj},
     year = 2002,
    month = apr,
   volume = 569,
    pages = {157-183},
      doi = {10.1086/339287},
   adsurl = {http://adsabs.harvard.edu/cgi-bin/nph-bib_query?bibcode=2002ApJ...569..157W&db_key=AST},
  adsnote = {Provided by the Smithsonian/NASA Astrophysics Data System}
}



@ARTICLE{1996AJ....112.1903Y,
   author = {{Young}, J.~S. and {Allen}, L. and {Kenney}, J.~D.~P. and {Lesser}, A. and 
	{Rownd}, B.},
    title = "{The Global Rate and Efficiency of Star Formation in Spiral Galaxies as a Function of Morphology and Environment}",
  journal = {\aj},
     year = 1996,
    month = nov,
   volume = 112,
    pages = {1903-+},
      doi = {10.1086/118152},
   adsurl = {http://adsabs.harvard.edu/cgi-bin/nph-bib_query?bibcode=1996AJ....112.1903Y&db_key=AST},
  adsnote = {Provided by the Smithsonian/NASA Astrophysics Data System}
}


@ARTICLE{Adjerid,
   author = {{Adjerid}, S. and {Flaherty}, J.E.},
    title = "{A Local Refinement Finite-Element Method for Two-Dimensional Parabolic Systems}",
  journal = {SIAM Journal of Scientific and Statistical Computing},
     year = 1988,
   volume = 9,
    pages = {792-+},
}


@ARTICLE{1995ApJS..100..269P,
   author = {{Pen}, U.-L.},
    title = "{A Linear Moving Adaptive Particle-Mesh N-Body Algorithm}",
  journal = {\apjs},
     year = 1995,
    month = sep,
   volume = 100,
    pages = {269-+},
      doi = {10.1086/192219},
   adsurl = {http://adsabs.harvard.edu/cgi-bin/nph-bib_query?bibcode=1995ApJS..100..269P&db_key=AST},
  adsnote = {Provided by the Smithsonian/NASA Astrophysics Data System}
}


@ARTICLE{1995ApJS...97..231G ,
   author = {{Gnedin}, N.~Y.},
    title = "{Softened Lagrangian hydrodynamics for cosmology}",
  journal = {\apjs},
     year = 1995,
    month = apr,
   volume = 97,
    pages = {231-257},
      doi = {10.1086/192141},
   adsurl = {http://adsabs.harvard.edu/cgi-bin/nph-bib_query?bibcode=1995ApJS...97..231G&db_key=AST},
  adsnote = {Provided by the Smithsonian/NASA Astrophysics Data System}
}



@ARTICLE{1995ApJS..101..181W,
   author = {{Woosley}, S.~E. and {Weaver}, T.~A.},
    title = "{The Evolution and Explosion of Massive Stars. II. Explosive Hydrodynamics and Nucleosynthesis}",
  journal = {\apjs},
     year = 1995,
    month = nov,
   volume = 101,
    pages = {181-+},
      doi = {10.1086/192237},
   adsurl = {http://adsabs.harvard.edu/cgi-bin/nph-bib_query?bibcode=1995ApJS..101..181W&db_key=AST},
  adsnote = {Provided by the Smithsonian/NASA Astrophysics Data System}
}


@ARTICLE{sh03a,
   author = {{Springel}, V. and {Hernquist}, L.},
    title = "{Cosmological smoothed particle hydrodynamics simulations: a hybrid multiphase model for star formation}",
  journal = {\mnras},
     year = 2003,
    month = feb,
   volume = 339,
    pages = {289-311},
      doi = {10.1046/j.1365-8711.2003.06206.x},
   adsurl = {http://adsabs.harvard.edu/cgi-bin/nph-bib_query?bibcode=2003MNRAS.339..289S&db_key=AST},
  adsnote = {Provided by the Smithsonian/NASA Astrophysics Data System}
}

@ARTICLE{sh03b,
   author = {{Springel}, V. and {Hernquist}, L.},
    title = "{The history of star formation in a {$\Lambda$} cold dark matter universe}",
  journal = {\mnras},
     year = 2003,
    month = feb,
   volume = 339,
    pages = {312-334},
      doi = {10.1046/j.1365-8711.2003.06207.x},
   adsurl = {http://adsabs.harvard.edu/cgi-bin/nph-bib_query?bibcode=2003MNRAS.339..312S&db_key=AST},
  adsnote = {Provided by the Smithsonian/NASA Astrophysics Data System}
}

@ARTICLE{hs03,
   author = {{Hernquist}, L. and {Springel}, V.},
    title = "{An analytical model for the history of cosmic star formation}",
  journal = {\mnras},
     year = 2003,
    month = jun,
   volume = 341,
    pages = {1253-1267},
      doi = {10.1046/j.1365-8711.2003.06499.x},
   adsurl = {http://adsabs.harvard.edu/cgi-bin/nph-bib_query?bibcode=2003MNRAS.341.1253H&db_key=AST},
  adsnote = {Provided by the Smithsonian/NASA Astrophysics Data System}
}

@ARTICLE{2005ApJS..160....1O,
   author = {{O'Shea}, B.~W. and {Nagamine}, K. and {Springel}, V. and {Hernquist}, L. and 
	{Norman}, M.~L.},
    title = "{Comparing AMR and SPH Cosmological Simulations. I. Dark Matter and Adiabatic Simulations}",
  journal = {\apjs},
     year = 2005,
    month = sep,
   volume = 160,
    pages = {1-27},
      doi = {10.1086/432645},
   adsurl = {http://adsabs.harvard.edu/cgi-bin/nph-bib_query?bibcode=2005ApJS..160....1O&db_key=AST},
  adsnote = {Provided by the Smithsonian/NASA Astrophysics Data System}
}

@ARTICLE{1959ApJ...129..243S,
   author = {{Schmidt}, M.},
    title = "{The Rate of Star Formation.}",
  journal = {\apj},
     year = 1959,
    month = mar,
   volume = 129,
    pages = {243-+},
   adsurl = {http://adsabs.harvard.edu/cgi-bin/nph-bib_query?bibcode=1959ApJ...129..243S&db_key=AST},
  adsnote = {Provided by the Smithsonian/NASA Astrophysics Data System}
}

@ARTICLE{1979ApJS...41..513M,
   author = {{Miller}, G.~E. and {Scalo}, J.~M.},
    title = "{The initial mass function and stellar birthrate in the solar neighborhood}",
  journal = {\apjs},
     year = 1979,
    month = nov,
   volume = 41,
    pages = {513-547},
      doi = {10.1086/190629},
   adsurl = {http://adsabs.harvard.edu/cgi-bin/nph-bib_query?bibcode=1979ApJS...41..513M&db_key=AST},
  adsnote = {Provided by the Smithsonian/NASA Astrophysics Data System}
}


@ARTICLE{CO1992,
   author = {{Cen}, R. and {Ostriker}, J.~P.},
    title = "{Galaxy formation and physical bias}",
  journal = {\apjl},
     year = 1992,
    month = nov,
   volume = 399,
    pages = {L113-L116},
      doi = {10.1086/186620},
   adsurl = {http://adsabs.harvard.edu/cgi-bin/nph-bib_query?bibcode=1992ApJ...399L.113C&db_key=AST},
  adsnote = {Provided by the Smithsonian/NASA Astrophysics Data System}
}




@ARTICLE{2003ApJ...590L...1K,
   author = {{Kravtsov}, A.~V.},
    title = "{On the Origin of the Global Schmidt Law of Star Formation}",
  journal = {\apjl},
     year = 2003,
    month = jun,
   volume = 590,
    pages = {L1-L4},
      doi = {10.1086/376674},
   adsurl = {http://adsabs.harvard.edu/cgi-bin/nph-bib_query?bibcode=2003ApJ...590L...1K&db_key=AST},
  adsnote = {Provided by the Smithsonian/NASA Astrophysics Data System}
}



@ARTICLE{1997ApJ...484L..21C,
   author = {{Cavaliere}, A. and {Menci}, N. and {Tozzi}, P.},
    title = "{The Luminosity-Temperature Relation for Groups and Clusters of Galaxies}",
  journal = {\apjl},
     year = 1997,
    month = jul,
   volume = 484,
    pages = {L21+},
      doi = {10.1086/310767},
   adsurl = {http://adsabs.harvard.edu/cgi-bin/nph-bib_query?bibcode=1997ApJ...484L..21C&db_key=AST},
  adsnote = {Provided by the Smithsonian/NASA Astrophysics Data System}
}

@ARTICLE{1991ApJ...383..104K,
   author = {{Kaiser}, N.},
    title = "{Evolution of clusters of galaxies}",
  journal = {\apj},
     year = 1991,
    month = dec,
   volume = 383,
    pages = {104-111},
      doi = {10.1086/170768},
   adsurl = {http://adsabs.harvard.edu/cgi-bin/nph-bib_query?bibcode=1991ApJ...383..104K&db_key=AST},
  adsnote = {Provided by the Smithsonian/NASA Astrophysics Data System}
}


@ARTICLE{1991ApJ...367...45C,
   author = {{Cole}, S.},
    title = "{Modeling galaxy formation in evolving dark matter halos}",
  journal = {\apj},
     year = 1991,
    month = jan,
   volume = 367,
    pages = {45-53},
      doi = {10.1086/169600},
   adsurl = {http://adsabs.harvard.edu/cgi-bin/nph-bib_query?bibcode=1991ApJ...367...45C&db_key=AST},
  adsnote = {Provided by the Smithsonian/NASA Astrophysics Data System}
}

@ARTICLE{1978MNRAS.183..341W,
   author = {{White}, S.~D.~M. and {Rees}, M.~J.},
    title = "{Core condensation in heavy halos - A two-stage theory for galaxy formation and clustering}",
  journal = {\mnras},
     year = 1978,
    month = may,
   volume = 183,
    pages = {341-358},
   adsurl = {http://adsabs.harvard.edu/cgi-bin/nph-bib_query?bibcode=1978MNRAS.183..341W&db_key=AST},
  adsnote = {Provided by the Smithsonian/NASA Astrophysics Data System}
}


@ARTICLE{1991ApJ...381...14L,
   author = {{Lacey}, C. and {Silk}, J.},
    title = "{Tidally triggered galaxy formation. I - Evolution of the galaxy luminosity function}",
  journal = {\apj},
     year = 1991,
    month = nov,
   volume = 381,
    pages = {14-32},
      doi = {10.1086/170625},
   adsurl = {http://adsabs.harvard.edu/cgi-bin/nph-bib_query?bibcode=1991ApJ...381...14L&db_key=AST},
  adsnote = {Provided by the Smithsonian/NASA Astrophysics Data System}
}


@ARTICLE{1991ApJ...379...52W,
   author = {{White}, S.~D.~M. and {Frenk}, C.~S.},
    title = "{Galaxy formation through hierarchical clustering}",
  journal = {\apj},
     year = 1991,
    month = sep,
   volume = 379,
    pages = {52-79},
      doi = {10.1086/170483},
   adsurl = {http://adsabs.harvard.edu/cgi-bin/nph-bib_query?bibcode=1991ApJ...379...52W&db_key=AST},
  adsnote = {Provided by the Smithsonian/NASA Astrophysics Data System}
}




@ARTICLE{1998A&A...335..403G,
   author = {{Galli}, D. and {Palla}, F.},
    title = "{The chemistry of the early Universe}",
  journal = {\aap},
     year = 1998,
    month = jul,
   volume = 335,
    pages = {403-420},
   adsurl = {http://adsabs.harvard.edu/cgi-bin/nph-bib_query?bibcode=1998A%26A...335..403G&db_key=AST},
  adsnote = {Provided by the Smithsonian/NASA Astrophysics Data System}
}



@ARTICLE{2004MNRAS.348.1019R,
   author = {{Ripamonti}, E. and {Abel}, T.},
    title = "{Fragmentation and the formation of primordial protostars: the possible role of collision-induced emission}",
  journal = {\mnras},
     year = 2004,
    month = mar,
   volume = 348,
    pages = {1019-1034},
      doi = {10.1111/j.1365-2966.2004.07422.x},
   adsurl = {http://adsabs.harvard.edu/cgi-bin/nph-bib_query?bibcode=2004MNRAS.348.1019R&db_key=AST},
  adsnote = {Provided by the Smithsonian/NASA Astrophysics Data System}
}

@ARTICLE{2005MNRAS.361..850L,
   author = {{Lipovka}, A. and {N{\'u}{\~n}ez-L{\'o}pez}, R. and {Avila-Reese}, V.
	},
    title = "{The cooling function of HD molecule revisited}",
  journal = {\mnras},
     year = 2005,
    month = aug,
   volume = 361,
    pages = {850-854},
      doi = {10.1111/j.1365-2966.2005.09226.x},
   adsurl = {http://adsabs.harvard.edu/cgi-bin/nph-bib_query?bibcode=2005MNRAS.361..850L&db_key=AST},
  adsnote = {Provided by the Smithsonian/NASA Astrophysics Data System}
}

@ARTICLE{2005MNRAS.364.1378N,
   author = {{Nagakura}, T. and {Omukai}, K.},
    title = "{Formation of Population III stars in fossil HII regions: significance of HD}",
  journal = {\mnras},
     year = 2005,
    month = dec,
   volume = 364,
    pages = {1378-1386},
      doi = {10.1111/j.1365-2966.2005.09685.x},
   adsurl = {http://adsabs.harvard.edu/cgi-bin/nph-bib_query?bibcode=2005MNRAS.364.1378N&db_key=AST},
  adsnote = {Provided by the Smithsonian/NASA Astrophysics Data System}
}


@ARTICLE{1993ApJS...88..253S,
   author = {{Sutherland}, R.~S. and {Dopita}, M.~A.},
    title = "{Cooling functions for low-density astrophysical plasmas}",
  journal = {\apjs},
     year = 1993,
    month = sep,
   volume = 88,
    pages = {253-327},
      doi = {10.1086/191823},
   adsurl = {http://adsabs.harvard.edu/cgi-bin/nph-bib_query?bibcode=1993ApJS...88..253S&db_key=AST},
  adsnote = {Provided by the Smithsonian/NASA Astrophysics Data System}
}


@ARTICLE{1996ApJS..105...19K,
   author = {{Katz}, N. and {Weinberg}, D.~H. and {Hernquist}, L.},
    title = "{Cosmological Simulations with TreeSPH}",
  journal = {\apjs},
     year = 1996,
    month = jul,
   volume = 105,
    pages = {19-+},
      doi = {10.1086/192305},
   adsurl = {http://adsabs.harvard.edu/cgi-bin/nph-bib_query?bibcode=1996ApJS..105...19K&db_key=AST},
  adsnote = {Provided by the Smithsonian/NASA Astrophysics Data System}
}

@ARTICLE{1994ApJ...429..434A,
   author = {{Anninos}, W.~Y. and {Norman}, M.~J.},
    title = "{Nonlinear hydrodynamics of cosmological sheets. 1: Numerical techniques and tests}",
  journal = {\apj},
     year = 1994,
    month = jul,
   volume = 429,
    pages = {434-464},
      doi = {10.1086/174335},
   adsurl = {http://adsabs.harvard.edu/cgi-bin/nph-bib_query?bibcode=1994ApJ...429..434A&db_key=AST},
  adsnote = {Provided by the Smithsonian/NASA Astrophysics Data System}
}


@ARTICLE{1977JCoPh..23..276V,
   author = {{van Leer}, B.},
    title = "{Towards the ultimate conservative difference scheme: IV. A new approach to numerical convection}",
  journal = {Journal of Computational Physics},
     year = 1977,
   volume = 23,
    pages = {276-299},
   adsurl = {http://adsabs.harvard.edu/cgi-bin/nph-bib_query?bibcode=1977JCoPh..23..276V&db_key=AST},
  adsnote = {Provided by the Smithsonian/NASA Astrophysics Data System}
}

@ARTICLE{1984JCoPh..54..174C,
   author = {{Colella}, P. and {Woodward}, P.~R.},
    title = "{The Piecewise Parabolic Method (PPM) for Gas-Dynamical Simulations}",
  journal = {Journal of Computational Physics},
     year = 1984,
    month = sep,
   volume = 54,
    pages = {174-201},
   adsurl = {http://adsabs.harvard.edu/cgi-bin/nph-bib_query?bibcode=1984JCoPh..54..174C&db_key=AST},
  adsnote = {Provided by the Smithsonian/NASA Astrophysics Data System}
}

@ARTICLE{1995CoPhC..89..149B,
   author = {{Bryan}, G.~L. and {Norman}, M.~L. and {Stone}, J.~M. and {Cen}, R. and 
	{Ostriker}, J.~P.},
    title = "{A piecewise parabolic method for cosmological hydrodynamics}",
  journal = {Computer Physics Communications},
     year = 1995,
    month = aug,
   volume = 89,
    pages = {149-168},
      doi = {10.1016/0010-4655(94)00191-4},
   adsurl = {http://adsabs.harvard.edu/cgi-bin/nph-bib_query?bibcode=1995CoPhC..89..149B&db_key=PHY},
  adsnote = {Provided by the Smithsonian/NASA Astrophysics Data System}
}

@ARTICLE{Stone92a,
   author = {{Stone}, J.~M. and {Norman}, M.~L.},
    title = "{ZEUS-2D: A radiation magnetohydrodynamics code for astrophysical flows in two space dimensions. I - The hydrodynamic algorithms and tests.}",
  journal = {\apjs},
     year = 1992,
    month = jun,
   volume = 80,
    pages = {753-790},
      doi = {10.1086/191680},
   adsurl = {http://adsabs.harvard.edu/cgi-bin/nph-bib_query?bibcode=1992ApJS...80..753S&db_key=AST},
  adsnote = {Provided by the Smithsonian/NASA Astrophysics Data System}
}

@ARTICLE{Stone92b,
   author = {{Stone}, J.~M. and {Norman}, M.~L.},
    title = "{ZEUS-2D: A Radiation Magnetohydrodynamics Code for Astrophysical Flows in Two Space Dimensions. II. The Magnetohydrodynamic Algorithms and Tests}",
  journal = {\apjs},
     year = 1992,
    month = jun,
   volume = 80,
    pages = {791-+},
      doi = {10.1086/191681},
   adsurl = {http://adsabs.harvard.edu/cgi-bin/nph-bib_query?bibcode=1992ApJS...80..791S&db_key=AST},
  adsnote = {Provided by the Smithsonian/NASA Astrophysics Data System}
}

@ARTICLE{ABN02,
   author = {{Abel}, T. and {Bryan}, G.~L. and {Norman}, M.~L.},
    title = "{The Formation of the First Star in the Universe}",
  journal = {Science},
     year = 2002,
    month = jan,
   volume = 295,
    pages = {93-98},
      doi = {10.1126/science.1063991},
   adsurl = {http://adsabs.harvard.edu/cgi-bin/nph-bib_query?bibcode=2002Sci...295...93A&db_key=AST},
  adsnote = {Provided by the Smithsonian/NASA Astrophysics Data System}
}


@ARTICLE{1995AAS...187.9504B,
   author = {{Bryan}, G.~L. and {Norman}, M.~L.},
    title = "{Simulating X-ray Clusters with Adaptive Mesh Refinement}",
  journal = {Bulletin of the American Astronomical Society},
     year = 1995,
    month = dec,
   volume = 27,
    pages = {1421-+},
   adsurl = {http://adsabs.harvard.edu/cgi-bin/nph-bib_query?bibcode=1995AAS...187.9504B&db_key=AST},
  adsnote = {Provided by the Smithsonian/NASA Astrophysics Data System}
}


@INPROCEEDINGS{Bryan97a, 
   author = {{Bryan}, G.~L. and {Norman}, M.~L.},
    title = "{Simulating X-Ray Clusters with Adaptive Mesh Refinement}",
booktitle = {ASP Conf. Ser. 123: Computational Astrophysics; 12th Kingston Meeting on Theoretical Astrophysics},
     year = 1997,
   editor = {{Clarke}, D.~A. and {West}, M.~J.},
    pages = {363-+},
   adsurl = {http://adsabs.harvard.edu/cgi-bin/nph-bib_query?bibcode=1997ASPC..123..363B&db_key=AST},
  adsnote = {Provided by the Smithsonian/NASA Astrophysics Data System}
}

@ARTICLE{Bryan97b,
   author = {{Bryan}, G.~L. and {Norman}, M.~L.},
    title = "{A Hybrid AMR Application for Cosmology and Astrophysics}",
  journal = {ArXiv Astrophysics e-prints},
   eprint = {astro-ph/9710187},
     year = 1997,
    month = oct,
   adsurl = {http://adsabs.harvard.edu/abs/1997astro.ph.10187B},
  adsnote = {Provided by the Smithsonian/NASA Astrophysics Data System},
  editor = {{Chrisochoides}, N.}
}

@INPROCEEDINGS{bryan99,
   author = {{Bryan}, G.L. and {Norman}, M.L.},
   booktitle = {Workshop on Structured Adaptive Mesh Refinement Grid Methods, ed. N.~Chrisochoides (IMA Volumes in Mathematics No.  117)},
     year = {1997},
  editor = {{Chrisochoides}, N.}
}

@INPROCEEDINGS{Bryan01,
    author = {{Bryan}, G.~L. and {Abel}, T. and {Norman}, M.~L.},
    title = "{Achieving Extreme Resolution in Numerical Cosmology Using Adaptive Mesh Refinement: Resolving Primordial Star Formation}",
booktitle = {Proceedings of Supercomputing 2001},
    eprint = {arXiv:astro-ph/0112089},
    year = 2001,
    month = dec,
   adsurl = {http://adsabs.harvard.edu/cgi-bin/nph-bib_query?bibcode=2001astro.ph.12089B&db_key=PRE},
  adsnote = {Provided by the Smithsonian/NASA Astrophysics Data System}
}


@INPROCEEDINGS{Norman99,
   author = {{Norman}, M.~L. and {Bryan}, G.~L.},
    title = "{Cosmological Adaptive Mesh Refinement^{CD}}",
booktitle = {ASSL Vol. 240: Numerical Astrophysics},
     year = 1999,
   editor = {{Miyama}, S.~M. and {Tomisaka}, K. and {Hanawa}, T.},
    pages = {19-+},
   adsurl = {http://adsabs.harvard.edu/cgi-bin/nph-bib_query?bibcode=1999numa.conf...19N&db_key=AST},
  adsnote = {Provided by the Smithsonian/NASA Astrophysics Data System}
}

@ARTICLE{Oshea04,
   author = {{O'Shea}, B.~W. and {Bryan}, G. and {Bordner}, J. and {Norman}, M.~L. and 
	{Abel}, T. and {Harkness}, R. and {Kritsuk}, A.},
    title = "{Introducing Enzo, an AMR Cosmology Application}",
  journal = {ArXiv Astrophysics e-prints},
   eprint = {astro-ph/0403044},
     year = 2004,
    month = mar,
   adsurl = {http://adsabs.harvard.edu/abs/2004astro.ph..3044O},
  adsnote = {Provided by the Smithsonian/NASA Astrophysics Data System}
}

@ARTICLE{Efstathiou85,
   author = {{Efstathiou}, G. and {Davis}, M. and {White}, S.~D.~M., and {Frenk}, C.~S.},
  journal = {\apjs},
     year = 1985,
   volume = 57,
    pages = {241},
}


@ARTICLE{Berger89,
   author = {{Berger}, M.~J. and {Colella}, P.},
  journal = {J. Comp. Phys.},
     year = 1989,
   volume = 82,
    pages = {64},
}

@book{Hockney88,
   author = { {Hockney}, R.~W. and {Eastwood}, J.~W. }, 
   title = {Computer Simulation Using Particles},
     year = {1988},
   publisher = {Institute of Physics Publishing},
}

@ARTICLE{Woodward84,
   author = {{Woodward}, P.~R. and {Colella}, P.},
  journal = {J. Comp. Phys.},
     year = 1984,
   volume = 54,
    pages = {174},
}

@ARTICLE{Bryan95,
   author = {{Bryan}, G.~L. and {Norman}, M.~L. and {Stone}, J.~M. and {Cen}, R. and {Ostriker}, J.~P.},
  journal = {Comp. Phys. Comm},
     year = 1995,
   volume = 89,
    pages = {149},
}

@ARTICLE{abel97,
   author = {{Abel}, T. and {Anninos}, P. and {Zhang}, Y. and {Norman}, M.~L.
	},
    title = "{Modeling primordial gas in numerical cosmology}",
  journal = {New Astronomy},
     year = 1997,
    month = aug,
   volume = 2,
    pages = {181-207},
      doi = {10.1016/S1384-1076(97)00010-9},
   adsurl = {http://adsabs.harvard.edu/cgi-bin/nph-bib_query?bibcode=1997NewA....2..181A&db_key=AST},
  adsnote = {Provided by the Smithsonian/NASA Astrophysics Data System}
}

@ARTICLE{anninos97,
   author = {{Anninos}, P. and {Zhang}, Y. and {Abel}, T. and {Norman}, M.~L.
	},
    title = "{Cosmological hydrodynamics with multi-species chemistry and nonequilibrium ionization and cooling}",
  journal = {New Astronomy},
     year = 1997,
    month = aug,
   volume = 2,
    pages = {209-224},
      doi = {10.1016/S1384-1076(97)00009-2},
   adsurl = {http://adsabs.harvard.edu/cgi-bin/nph-bib_query?bibcode=1997NewA....2..209A&db_key=AST},
  adsnote = {Provided by the Smithsonian/NASA Astrophysics Data System}
}


@ARTICLE{2001ApJ...548..509M,
   author = {{Machacek}, M.~E. and {Bryan}, G.~L. and {Abel}, T.},
    title = "{Simulations of Pregalactic Structure Formation with Radiative Feedback}",
  journal = {\apj},
     year = 2001,
    month = feb,
   volume = 548,
    pages = {509-521},
      doi = {10.1086/319014},
   adsurl = {http://adsabs.harvard.edu/cgi-bin/nph-bib_query?bibcode=2001ApJ...548..509M&db_key=AST},
  adsnote = {Provided by the Smithsonian/NASA Astrophysics Data System}
}


@ARTICLE{2003MNRAS.338..273M,
   author = {{Machacek}, M.~E. and {Bryan}, G.~L. and {Abel}, T.},
    title = "{Effects of a soft X-ray background on structure formation at high redshift}",
  journal = {\mnras},
     year = 2003,
    month = jan,
   volume = 338,
    pages = {273-286},
      doi = {10.1046/j.1365-8711.2003.06054.x},
   adsurl = {http://adsabs.harvard.edu/cgi-bin/nph-bib_query?bibcode=2003MNRAS.338..273M&db_key=AST},
  adsnote = {Provided by the Smithsonian/NASA Astrophysics Data System}
}

@PHDTHESIS{Neeman96,
   author = {{Neeman}, H.},
    title = "{Autonomous hierarchical adaptive mesh refinement for multiscale simulations}",
   school = {, Univ.~Illinois, (1996)},
     year = 1996
}

@PHDTHESIS{BryanThesis96,
   author = {{Bryan}, G.},
    title = "{The Numerical Simulation of X-ray Clusters}",
   school = {, Univ.~Illinois, (1996)},
     year = 1996,
   adsurl = {http://adsabs.harvard.edu/abs/1996PhDT........80B},
  adsnote = {Provided by the Smithsonian/NASA Astrophysics Data System}
}

@BOOK{DecadalSurvey01,
   author = "{Astronomy and Astrophysics Survey Committee}",
    title = "{Astronomy and Astrophysics in the New Millennium}",
publisher = {Astronomy and Astrophysics in the New Millennium, Astronomy and Astrophysics Survey Committee, Board on Physics and Astronomy-Space Studies Board, Division on Engineering and Physical Sciences, National Research Council.~ Washington DC: National Academy Press, 2001.},
     year = 2001,
   adsurl = {http://adsabs.harvard.edu/abs/2001aanm.book......},
  adsnote = {Provided by the Smithsonian/NASA Astrophysics Data System}
}

@ARTICLE{BryanCompSci99,
  author = {{Bryan}, G.},
  title = "{Fluids in the Universe: Adaptive Mesh in Cosmology}",
  journal={Comp. Sci. Eng.},
  year = 1999,
  volume = 1,
  pages={46-54},
}

@ARTICLE{2007arXiv0705.1556N,
   author = {{Norman}, M.~L. and {Bryan}, G.~L. and {Harkness}, R. and {Bordner}, J. and 
	{Reynolds}, D. and {O'Shea}, B. and {Wagner}, R.},
    title = "{Simulating Cosmological Evolution with Enzo}",
  journal = {ArXiv e-prints},
   eprint = {0705.1556},
     year = 2007,
    month = may,
   volume = 705,
   adsurl = {http://adsabs.harvard.edu/abs/2007arXiv0705.1556N},
  adsnote = {Provided by the Smithsonian/NASA Astrophysics Data System}
}

@ARTICLE{Truelove98,
   author = {{Truelove}, J.~K. and {Klein}, R.~I. and {McKee}, C.~F. and 
	{Holliman}, II, J.~H. and {Howell}, L.~H. and {Greenough}, J.~A. and 
	{Woods}, D.~T.},
    title = "{Self-gravitational Hydrodynamics with Three-dimensional Adaptive Mesh Refinement: Methodology and Applications to Molecular Cloud Collapse and Fragmentation}",
  journal = {\apj},
     year = 1998,
    month = mar,
   volume = 495,
    pages = {821-+},
      doi = {10.1086/305329},
   adsurl = {http://adsabs.harvard.edu/abs/1998ApJ...495..821T},
  adsnote = {Provided by the Smithsonian/NASA Astrophysics Data System}
}

@ARTICLE{ART97,
   author = {{Kravtsov}, A.~V. and {Klypin}, A.~A. and {Khokhlov}, A.~M.},
    title = "{Adaptive Refinement Tree: A New High-Resolution N-Body Code for Cosmological Simulations}",
  journal = {\apjs},
   eprint = {arXiv:astro-ph/9701195},
     year = 1997,
    month = jul,
   volume = 111,
    pages = {73-+},
      doi = {10.1086/313015},
   adsurl = {http://adsabs.harvard.edu/abs/1997ApJS..111...73K},
  adsnote = {Provided by the Smithsonian/NASA Astrophysics Data System}
}


@ARTICLE{RAMSES,
   author = {{Teyssier}, R.},
    title = "{Cosmological hydrodynamics with adaptive mesh refinement. A new high resolution code called RAMSES}",
  journal = {\aap},
   eprint = {arXiv:astro-ph/0111367},
     year = 2002,
    month = apr,
   volume = 385,
    pages = {337-364},
      doi = {10.1051/0004-6361:20011817},
   adsurl = {http://adsabs.harvard.edu/abs/2002A%26A...385..337T},
  adsnote = {Provided by the Smithsonian/NASA Astrophysics Data System}
}

@ARTICLE{Lucy77,
   author = {{Lucy}, L.~B.},
    title = "{A numerical approach to the testing of the fission hypothesis}",
  journal = {\aj},
     year = 1977,
    month = dec,
   volume = 82,
    pages = {1013-1024},
   adsurl = {http://adsabs.harvard.edu/abs/1977AJ.....82.1013L},
  adsnote = {Provided by the Smithsonian/NASA Astrophysics Data System}
}


@ARTICLE{SPH,
   author = {{Gingold}, R.~A. and {Monaghan}, J.~J.},
    title = "{Smoothed particle hydrodynamics - Theory and application to non-spherical stars}",
  journal = {\mnras},
     year = 1977,
    month = nov,
   volume = 181,
    pages = {375-389},
   adsurl = {http://adsabs.harvard.edu/abs/1977MNRAS.181..375G},
  adsnote = {Provided by the Smithsonian/NASA Astrophysics Data System}
}


@ARTICLE{Villumsen89,
   author = {{Villumsen}, J.~V.},
    title = "{A new hierachical particle-mesh code for very large scale cosmological N-body simulations}",
  journal = {\apjs},
     year = 1989,
    month = nov,
   volume = 71,
    pages = {407-431},
      doi = {10.1086/191380},
   adsurl = {http://adsabs.harvard.edu/abs/1989ApJS...71..407V},
  adsnote = {Provided by the Smithsonian/NASA Astrophysics Data System}
}


@ARTICLE{Ruffert94,
   author = {{Ruffert}, M.},
    title = "{Three-dimensional hydrodynamic Bondi-Hoyle accretion. 1: Code validation and stationary accretors}",
  journal = {\apj},
     year = 1994,
    month = may,
   volume = 427,
    pages = {342-350},
      doi = {10.1086/174144},
   adsurl = {http://adsabs.harvard.edu/abs/1994ApJ...427..342R},
  adsnote = {Provided by the Smithsonian/NASA Astrophysics Data System}
}


@ARTICLE{Anninos94,
   author = {{Anninos}, P. and {Norman}, M.~L. and {Clarke}, D.~A.},
    title = "{Hierarchical numerical cosmology with hydrodynamics: Methods and code tests}",
  journal = {\apj},
     year = 1994,
    month = nov,
   volume = 436,
    pages = {11-22},
      doi = {10.1086/174876},
   adsurl = {http://adsabs.harvard.edu/abs/1994ApJ...436...11A},
  adsnote = {Provided by the Smithsonian/NASA Astrophysics Data System}
}

@ARTICLE{Jessop94,
   author = {{Jessop}, C. and {Duncan}, M. and {Chau}, W.~Y.},
    title = "{Multigrid methods for N-body gravitational systems}",
    journal = {J. Comp. Phys.},
    year = 1994,
    volume = 115,
     pages = 339
 }


@ARTICLE{Suisalu95,
   author = {{Suisalu}, I. and {Saar}, E.},
    title = "{An adaptive multigrid solver for high-resolution cosmological simulations}",
  journal = {\mnras},
   eprint = {arXiv:astro-ph/9412043},
     year = 1995,
    month = may,
   volume = 274,
    pages = {287-299},
   adsurl = {http://adsabs.harvard.edu/abs/1995MNRAS.274..287S},
  adsnote = {Provided by the Smithsonian/NASA Astrophysics Data System}
}


@ARTICLE{Couchman91,
   author = {{Couchman}, H.~M.~P.},
    title = "{Mesh-refined P3M - A fast adaptive N-body algorithm}",
  journal = {\apjl},
     year = 1991,
    month = feb,
   volume = 368,
    pages = {L23-L26},
      doi = {10.1086/185939},
   adsurl = {http://adsabs.harvard.edu/abs/1991ApJ...368L..23C},
  adsnote = {Provided by the Smithsonian/NASA Astrophysics Data System}
}


@ARTICLE{Splinter96,
   author = {{Splinter}, R.~J.},
    title = "{A nested-grid particle-mesh code for high-resolution simulations of gravitational instability in cosmology}",
  journal = {\mnras},
   eprint = {arXiv:astro-ph/9503041},
     year = 1996,
    month = jul,
   volume = 281,
    pages = {281-293},
   adsurl = {http://adsabs.harvard.edu/abs/1996MNRAS.281..281S},
  adsnote = {Provided by the Smithsonian/NASA Astrophysics Data System}
}


@ARTICLE{Gelato97,
   author = {{Gelato}, S. and {Chernoff}, D.~F. and {Wasserman}, I.},
    title = "{An Adaptive Hierarchical Particle-Mesh Code with Isolated Boundary Conditions}",
  journal = {\apj},
   eprint = {arXiv:astro-ph/9607156},
     year = 1997,
    month = may,
   volume = 480,
    pages = {115-+},
      doi = {10.1086/303949},
   adsurl = {http://adsabs.harvard.edu/abs/1997ApJ...480..115G},
  adsnote = {Provided by the Smithsonian/NASA Astrophysics Data System}
}


@ARTICLE{Zhang06,
   author = {{Zhang}, W. and {MacFadyen}, A.~I.},
    title = "{RAM: A Relativistic Adaptive Mesh Refinement Hydrodynamics Code}",
  journal = {\apjs},
   eprint = {arXiv:astro-ph/0505481},
     year = 2006,
    month = may,
   volume = 164,
    pages = {255-279},
      doi = {10.1086/500792},
   adsurl = {http://adsabs.harvard.edu/abs/2006ApJS..164..255Z},
  adsnote = {Provided by the Smithsonian/NASA Astrophysics Data System}
}


@ARTICLE{Ziegler05,
   author = {{Ziegler}, U.},
    title = "{Self-gravitational adaptive mesh magnetohydrodynamics with the NIRVANA code}",
  journal = {\aap},
     year = 2005,
    month = may,
   volume = 435,
    pages = {385-395},
      doi = {10.1051/0004-6361:20042451},
   adsurl = {http://adsabs.harvard.edu/abs/2005A%26A...435..385Z},
  adsnote = {Provided by the Smithsonian/NASA Astrophysics Data System}
}


@ARTICLE{Quilis04,
   author = {{Quilis}, V.},
    title = "{A new multidimensional adaptive mesh refinement hydro + gravity cosmological code}",
  journal = {\mnras},
   eprint = {arXiv:astro-ph/0405389},
     year = 2004,
    month = aug,
   volume = 352,
    pages = {1426-1438},
      doi = {10.1111/j.1365-2966.2004.08040.x},
   adsurl = {http://adsabs.harvard.edu/abs/2004MNRAS.352.1426Q},
  adsnote = {Provided by the Smithsonian/NASA Astrophysics Data System}
}


@ARTICLE{Yahagi01,
   author = {{Yahagi}, H. and {Yoshii}, Y.},
    title = "{N-Body Code with Adaptive Mesh Refinement}",
  journal = {\apj},
   eprint = {arXiv:astro-ph/0105098},
     year = 2001,
    month = sep,
   volume = 558,
    pages = {463-475},
      doi = {10.1086/322457},
   adsurl = {http://adsabs.harvard.edu/abs/2001ApJ...558..463Y},
  adsnote = {Provided by the Smithsonian/NASA Astrophysics Data System}
}


@ARTICLE{MLAPM01,
   author = {{Knebe}, A. and {Green}, A. and {Binney}, J.},
    title = "{Multi-level adaptive particle mesh (MLAPM): a c code for cosmological simulations}",
  journal = {\mnras},
   eprint = {arXiv:astro-ph/0103503},
     year = 2001,
    month = aug,
   volume = 325,
    pages = {845-864},
      doi = {10.1046/j.1365-8711.2001.04532.x},
   adsurl = {http://adsabs.harvard.edu/abs/2001MNRAS.325..845K},
  adsnote = {Provided by the Smithsonian/NASA Astrophysics Data System}
}


@ARTICLE{Pen98,
   author = {{Pen}, U.-L.},
    title = "{A High-Resolution Adaptive Moving Mesh Hydrodynamic Algorithm}",
  journal = {\apjs},
   eprint = {arXiv:astro-ph/9704258},
     year = 1998,
    month = mar,
   volume = 115,
    pages = {19-+},
      doi = {10.1086/313074},
   adsurl = {http://adsabs.harvard.edu/abs/1998ApJS..115...19P},
  adsnote = {Provided by the Smithsonian/NASA Astrophysics Data System}
}


@ARTICLE{Gnedin95,
   author = {{Gnedin}, N.~Y.},
    title = "{Softened Lagrangian hydrodynamics for cosmology}",
  journal = {\apjs},
     year = 1995,
    month = apr,
   volume = 97,
    pages = {231-257},
      doi = {10.1086/192141},
   adsurl = {http://adsabs.harvard.edu/abs/1995ApJS...97..231G},
  adsnote = {Provided by the Smithsonian/NASA Astrophysics Data System}
}


@ARTICLE{Xu97,
   author = {{Xu}, G.},
    title = "{Hydrodynamic and N-body schemes on an unstructured, adaptive mesh with applications to cosmological simulations}",
  journal = {\mnras},
   eprint = {arXiv:astro-ph/9610061},
     year = 1997,
    month = jul,
   volume = 288,
    pages = {903-919},
   adsurl = {http://adsabs.harvard.edu/abs/1997MNRAS.288..903X},
  adsnote = {Provided by the Smithsonian/NASA Astrophysics Data System}
}


@BOOK{Peebles93,
   author = {{Peebles}, P.~J.~E.},
    title = "{Principles of physical cosmology}",
publisher = {Princeton Series in Physics, Princeton, NJ: Princeton University Press, |c1993},
     year = 1993,
   adsurl = {http://adsabs.harvard.edu/abs/1993ppc..book.....P},
  adsnote = {Provided by the Smithsonian/NASA Astrophysics Data System}
}


@Article{Berger91,
  author =    {{Berger}, M. and {Rigoutsos}, I.},
  title =        "{An Algorithm for Point Clustering and Grid Generation}",
  journal =      "IEEE Trans. Sys. Man. \& Cyber.",
  volume =       "21",
  number =       "5",
  pages =        "1278--1286",
  month =        sep # "\slash " # oct,
  year =         "1992",
  note =         "NYU Technical Report 501, April, 1990.",
}


@ARTICLE{TVD93,
   author = {{Ryu}, D. and {Ostriker}, J.~P. and {Kang}, H. and {Cen}, R.
	},
    title = "{A cosmological hydrodynamic code based on the total variation diminishing scheme}",
  journal = {\apj},
     year = 1993,
    month = sep,
   volume = 414,
    pages = {1-19},
      doi = {10.1086/173051},
   adsurl = {http://adsabs.harvard.edu/abs/1993ApJ...414....1R},
  adsnote = {Provided by the Smithsonian/NASA Astrophysics Data System}
}

@INPROCEEDINGS{Woodward86,
  author = {{Woodward}, P.R.},
  year = 1986,
booktitle = {Astrophysical Radiation Hydrodynamics},
   editor = {{Winkler}, K.H. and {Norman},M.L.},
   publisher = {D. Reidel: Dordrecht}
}


