@ARTICLE{2001NewA....6...79S,
   author = {{Springel}, V. and {Yoshida}, N. and {White}, S.~D.~M.},
    title = "{GADGET: a code for collisionless and gasdynamical cosmological simulations}",
  journal = {\na},
   eprint = {arXiv:astro-ph/0003162},
     year = 2001,
    month = apr,
   volume = 6,
    pages = {79-117},
      doi = {10.1016/S1384-1076(01)00042-2},
   adsurl = {http://adsabs.harvard.edu/abs/2001NewA....6...79S},
  adsnote = {Provided by the SAO/NASA Astrophysics Data System}
}


@ARTICLE{2005MNRAS.364.1105S,
   author = {{Springel}, V.},
    title = "{The cosmological simulation code GADGET-2}",
  journal = {\mnras},
   eprint = {arXiv:astro-ph/0505010},
 keywords = {methods: numerical, galaxies: interactions, dark matter},
     year = 2005,
    month = dec,
   volume = 364,
    pages = {1105-1134},
      doi = {10.1111/j.1365-2966.2005.09655.x},
   adsurl = {http://adsabs.harvard.edu/abs/2005MNRAS.364.1105S},
  adsnote = {Provided by the SAO/NASA Astrophysics Data System}
}


@ARTICLE{2010MNRAS.401..791S,
   author = {{Springel}, V.},
    title = "{E pur si muove: Galilean-invariant cosmological hydrodynamical simulations on a moving mesh}",
  journal = {\mnras},
archivePrefix = "arXiv",
   eprint = {0901.4107},
 primaryClass = "astro-ph.CO",
 keywords = {methods: numerical, galaxies: interactions, cosmology: dark matter},
     year = 2010,
    month = jan,
   volume = 401,
    pages = {791-851},
      doi = {10.1111/j.1365-2966.2009.15715.x},
   adsurl = {http://adsabs.harvard.edu/abs/2010MNRAS.401..791S},
  adsnote = {Provided by the SAO/NASA Astrophysics Data System}
}


@ARTICLE{2000ApJS..131..273F,
   author = {{Fryxell}, B. and {Olson}, K. and {Ricker}, P. and {Timmes}, F.~X. and 
	{Zingale}, M. and {Lamb}, D.~Q. and {MacNeice}, P. and {Rosner}, R. and 
	{Truran}, J.~W. and {Tufo}, H.},
    title = "{FLASH: An Adaptive Mesh Hydrodynamics Code for Modeling Astrophysical Thermonuclear Flashes}",
  journal = {\apjs},
 keywords = {Equation of State, Hydrodynamics, Methods: Numerical, Nuclear Reactions, Nucleosynthesis, Abundances, Stars: General},
     year = 2000,
    month = nov,
   volume = 131,
    pages = {273-334},
      doi = {10.1086/317361},
   adsurl = {http://adsabs.harvard.edu/abs/2000ApJS..131..273F},
  adsnote = {Provided by the SAO/NASA Astrophysics Data System}
}

@ARTICLE{2008ApJS..178..137S,
   author = {{Stone}, J.~M. and {Gardiner}, T.~A. and {Teuben}, P. and {Hawley}, J.~F. and 
	{Simon}, J.~B.},
    title = "{Athena: A New Code for Astrophysical MHD}",
  journal = {\apjs},
archivePrefix = "arXiv",
   eprint = {0804.0402},
 keywords = {Hydrodynamics, Magnetohydrodynamics: MHD, Methods: Numerical},
     year = 2008,
    month = sep,
   volume = 178,
    pages = {137-177},
      doi = {10.1086/588755},
   adsurl = {http://adsabs.harvard.edu/abs/2008ApJS..178..137S},
  adsnote = {Provided by the SAO/NASA Astrophysics Data System}
}

@ARTICLE{1992ApJS...80..753S,
   author = {{Stone}, J.~M. and {Norman}, M.~L.},
    title = "{ZEUS-2D: A radiation magnetohydrodynamics code for astrophysical flows in two space dimensions. I - The hydrodynamic algorithms and tests.}",
  journal = {\apjs},
 keywords = {COMPUTATIONAL ASTROPHYSICS, COSMIC PLASMA, HYDRODYNAMIC EQUATIONS, MAGNETOHYDRODYNAMIC FLOW, SELF CONSISTENT FIELDS, COMPUTATIONAL GRIDS, FINITE DIFFERENCE THEORY, PLASMA RADIATION, POISSON EQUATION, RADIATIVE TRANSFER},
     year = 1992,
    month = jun,
   volume = 80,
    pages = {753-790},
      doi = {10.1086/191680},
   adsurl = {http://adsabs.harvard.edu/abs/1992ApJS...80..753S},
  adsnote = {Provided by the SAO/NASA Astrophysics Data System}
}

@ARTICLE{1992ApJS...80..791S,
   author = {{Stone}, J.~M. and {Norman}, M.~L.},
    title = "{ZEUS-2D: A Radiation Magnetohydrodynamics Code for Astrophysical Flows in Two Space Dimensions. II. The Magnetohydrodynamic Algorithms and Tests}",
  journal = {\apjs},
 keywords = {HYDRODYNAMICS, MAGNETOHYDRODYNAMICS: MHD, METHODS: NUMERICAL, RADIATIVE TRANSFER},
     year = 1992,
    month = jun,
   volume = 80,
    pages = {791},
      doi = {10.1086/191681},
   adsurl = {http://adsabs.harvard.edu/abs/1992ApJS...80..791S},
  adsnote = {Provided by the SAO/NASA Astrophysics Data System}
}

@ARTICLE{1992ApJS...80..819S,
   author = {{Stone}, J.~M. and {Mihalas}, D. and {Norman}, M.~L.},
    title = "{ZEUS-2D: A radiation magnetohydrodynamics code for astrophysical flows in two space dimensions. III - The radiation hydrodynamic algorithms and tests}",
  journal = {\apjs},
 keywords = {COMPUTATIONAL ASTROPHYSICS, COSMIC PLASMA, HYDRODYNAMIC EQUATIONS, MAGNETOHYDRODYNAMIC FLOW, RADIATIVE TRANSFER, TWO DIMENSIONAL MODELS, ALGORITHMS, COMPUTATIONAL GRIDS, FINITE DIFFERENCE THEORY, PLASMA RADIATION},
     year = 1992,
    month = jun,
   volume = 80,
    pages = {819-845},
      doi = {10.1086/191682},
   adsurl = {http://adsabs.harvard.edu/abs/1992ApJS...80..819S},
  adsnote = {Provided by the SAO/NASA Astrophysics Data System}
}

@ARTICLE{2006ApJS..165..188H,
   author = {{Hayes}, J.~C. and {Norman}, M.~L. and {Fiedler}, R.~A. and 
	{Bordner}, J.~O. and {Li}, P.~S. and {Clark}, S.~E. and {ud-Doula}, A. and 
	{Mac Low}, M.-M.},
    title = "{Simulating Radiating and Magnetized Flows in Multiple Dimensions with ZEUS-MP}",
  journal = {\apjs},
   eprint = {arXiv:astro-ph/0511545},
 keywords = {Hydrodynamics, Methods: Numerical, Magnetohydrodynamics: MHD, Radiative Transfer},
     year = 2006,
    month = jul,
   volume = 165,
    pages = {188-228},
      doi = {10.1086/504594},
   adsurl = {http://adsabs.harvard.edu/abs/2006ApJS..165..188H},
  adsnote = {Provided by the SAO/NASA Astrophysics Data System}
}

@article{Wang:2009a,
	Author = {{Wang}, P. and {Abel}, T.},
	Journal = {\apj},
	Month = may,
	Pages = {96-109},
	Title = {{Magnetohydrodynamic Simulations of Disk Galaxy Formation: The Magnetization of the Cold and Warm Medium}},
	Volume = 696,
	Year = 2009}

@ARTICLE{Collins10,
   author = {{Collins}, D.~C. and {Xu}, H. and {Norman}, M.~L. and {Li}, H. and 
    {Li}, S.},
    title = "{Cosmological Adaptive Mesh Refinement Magnetohydrodynamics with Enzo}",
  journal = {\apjs},
archivePrefix = "arXiv",
   eprint = {0902.2594},
 keywords = {cosmology: theory, methods: numerical, magnetohydrodynamics: MHD},
     year = 2010,
    month = feb,
   volume = 186,
    pages = {308-333},
      doi = {10.1088/0067-0049/186/2/308},
   adsurl = {http://adsabs.harvard.edu/abs/2010ApJS..186..308C},
  adsnote = {Provided by the SAO/NASA Astrophysics Data System}
}

@Article{ReynoldsHayesPaschosNorman2009,
  author  = {{Reynolds}, D.~R. and {Hayes}, J.~C. and {Paschos}, P. 
              and {Norman}, M.~L.},
  title   = {Self-consistent solution of cosmological radiation-hydrodynamics 
             and chemical ionization},
  journal = {J. Comput. Phys.},
     year = 2009,
   volume = 228,
    pages = {6833--6854},
}


@ARTICLE{Wise11_Moray,
   author = {{Wise}, J.~H. and {Abel}, T.},
    title = "{ENZO+MORAY: radiation hydrodynamics adaptive mesh refinement simulations with adaptive ray tracing}",
  journal = {\mnras},
archivePrefix = "arXiv",
   eprint = {1012.2865},
 primaryClass = "astro-ph.IM",
 keywords = {hydrodynamics, radiative transfer, methods: numerical},
     year = 2011,
    month = jul,
   volume = 414,
    pages = {3458-3491},
      doi = {10.1111/j.1365-2966.2011.18646.x},
   adsurl = {http://adsabs.harvard.edu/abs/2011MNRAS.414.3458W},
  adsnote = {Provided by the SAO/NASA Astrophysics Data System}
}
